<?xml version="1.0" encoding="UTF-8"?><record xmlns="http://www.loc.gov/MARC21/slim" xmlns:cinclude="http://apache.org/cocoon/include/1.0" xmlns:zs="http://www.loc.gov/zing/srw/">
  <leader>00417nz  a2200133n  4500</leader>
  <controlfield tag="001">n  86027705 </controlfield>
  <controlfield tag="003">DLC</controlfield>
  <controlfield tag="005">19870218075519.0</controlfield>
  <controlfield tag="008">861224n| acannaab|          |n aaa |||  </controlfield>
  <datafield tag="010" ind1=" " ind2=" ">
    <subfield code="a">n  86027705 </subfield>
  </datafield>
  <datafield tag="040" ind1=" " ind2=" ">
    <subfield code="a">DLC</subfield>
    <subfield code="c">DLC</subfield>
  </datafield>
  <datafield tag="100" ind1="1" ind2="0">
    <subfield code="a">Sołtan, Karol Edward,</subfield>
    <subfield code="d">1950-</subfield>
  </datafield>
  <datafield tag="670" ind1=" " ind2=" ">
    <subfield code="a">His The causal theory of justice, c1987:</subfield>
    <subfield code="b">CIP t.p. (Karol Edward Sołtan)</subfield>
  </datafield>
  <datafield tag="670" ind1=" " ind2=" ">
    <subfield code="a">LC data base, 12-22-86</subfield>
    <subfield code="b">(hdg.: Sołtan, Karol Edward, 1950- )</subfield>
  </datafield>
</record>